@article{loremipsum2021,
  year = {2021},
  author = {John Doe},
  title = {Lorem Ipsum},
  journal = {The Lorem Ipsum Journal}
}
